@inproceedings{pratt1991,
  author = "V. R. Pratt",
  title = "Modeling concurrency with geometry",
  booktitle = "in D. S. Wise(Ed.), Conference Record of the 18th Annual ACM Symposium on Principles of Programming Languages (POPL'91)",
  publisher = "ACM Press",
  year = "1991",
  pages = "311--322",
  address = "doi:10.1145/99583.99625"
}

@inproceedings{pratt2000,
  author = "V. R. Pratt",
  title = "Higher dimensional automata revisited",
  booktitle = "Math. Struct. Comput. Sci. 10(4)",
  pages = "525--548",
  year=2000,
  address = "doi:10.1017/S0960129500003169"
}

@inproceedings{glab2006,
  author = "R. J. van Glabbeek",
  title = "On the expressiveness of higher dimensional automata",
  booktitle = "Theor. Comput. Sci. 356(3)",
  pages = "311--322",
  year=2006,
  address = "doi:10.1016/j.tcs.2006.02.012"
}

@inproceedings{goub2012,
  author = "S. Mimram, E. Goubault",
  title = "Formal relationships between geometrical and classical models for concurrency",
  booktitle = "Electronic Notes in Theoretical Computer Science 283, Proceedings of the Workshop on Geometric and Topological Methods in Computer Science(GETCO)",
  year = "2012",
  pages = "77--109",
  address = "doi:10.1016/j.entcs.2012.05.007"
}

@ARTICLE{winsk1979,
  AUTHOR="M. Nielsen, G. Plotkin, G. Winskel",
  TITLE="Petri nets, event structures and domains, in G. Kahn(Ed.)",
  JOURNAL="Semantics of Concurrent Computation, Vol. 70, of Lecture Notes in Computer Science",
  publisher= "Springer",
  PAGES= "266--284",
  YEAR=1979,
  address = "doi:10.1007/BFb0022474"
}

@ARTICLE{winsk1986,
  AUTHOR="G. Winskel",
  TITLE="Event structures, in W. Brauer, W. Reisig, G. Rozenberg(Eds.)",
  JOURNAL="Advances in Petri nets, Vol. 255, of Lecture Notes in Computer Science",
  publisher= "Springer",
  PAGES= "325--392",
  YEAR=1986,
  address = "doi:10.1007/3-540-17906-2_31"
}

@ARTICLE{castell1989,
  AUTHOR="G. Boudol, I. Castellani",
  TITLE="Permutation of transitions: An event structure semantics for CCS and SCCS, in: J. W. de Bakker, W. P. de Roever, G. Rozenberg(Eds.)",
  JOURNAL="Rex Workshop, Vol. 354, of Lecture Notes in Computer Science",
  publisher= "Springer",
  PAGES= "411--427",
  YEAR=1989,
  address = "doi:10.1007/BFb0013028"
}

@inproceedings{glab1995,
  author = "R. J. van Glabbeek, G. Plotkin",
  title = "Configuration structures, in: 10th Annual IEEE Symposium on Logic in Computer Science(LICS'95)",
  booktitle = "IEEE Computer Society",
  pages = "199--209",
  year=1995,
  address = "doi:10.1109/LICS.1995.523257"
}

@inproceedings{glab2009,
  author = "R. J. van Glabbeek, G. Plotkin",
  title = "Configuration structures, event structures and Petri nets",
  booktitle = "Theor. Comput. Sci. 410(41)",
  pages = "4111--4159",
  year=2009,
  address = "doi:10.1016/j.tcs.2009.06.014"
}

@article{pratt2002,
  author = "V. R. Pratt",
  title = "Event-State Duality: The enriched case, in: L. Brim, P. Jancar, M. Kretinsky, A. Kucera(Eds.)",
  journal="13th International Conference on Concurrency Theory(CONCUR'02), Vol. 2421 of Lecture Notes in Computer Science",
  publisher = "Springer",
  year = "2002",
  pages = "41--56",
  address = "doi:10.1007/3-540-35694-5_31"
}
